<record><leader>00000cas a2200000 a 4500</leader><controlfield tag="001">12611445</controlfield><controlfield tag="008">850928d19131962hiuwr ne      0    0korrd</controlfield><datafield ind1=" " ind2=" " tag="010"><subfield code="a">sn 85047232 </subfield></datafield><datafield ind1=" " ind2=" " tag="040"><subfield code="a">HUH</subfield><subfield code="b">eng</subfield><subfield code="c">HUH</subfield><subfield code="d">HWN</subfield><subfield code="d">OCL</subfield><subfield code="d">OCLCQ</subfield><subfield code="d">OCLCF</subfield><subfield code="d">OCLCO</subfield><subfield code="d">OCLCQ</subfield></datafield><datafield ind1="0" ind2=" " tag="041"><subfield code="a">kor</subfield><subfield code="a">eng</subfield></datafield><datafield ind1=" " ind2=" " tag="042"><subfield code="a">msc</subfield></datafield><datafield ind1=" " ind2=" " tag="043"><subfield code="a">n-us-hi</subfield></datafield><datafield ind1=" " ind2="4" tag="050"><subfield code="a">AN2</subfield><subfield code="b">.K85</subfield></datafield><datafield ind1="0" ind2="4" tag="245"><subfield code="a">The Korean national herald =</subfield><subfield code="b">Kungminbo.</subfield></datafield><datafield ind1="3" ind2="1" tag="246"><subfield code="a">Kungminbo</subfield></datafield><datafield ind1="1" ind2="3" tag="246"><subfield code="a">Korean national herald-Pacific weekly</subfield><subfield code="f">Jan. 21, 1942-Feb. 2, 1944</subfield></datafield><datafield ind1="1" ind2="3" tag="246"><subfield code="a">Kungminbo-T'aep'yo&#774;ngyang chubo</subfield><subfield code="f">Jan. 21, 1942-Feb. 2, 1944</subfield></datafield><datafield ind1="1" ind2="3" tag="246"><subfield code="a">Korean Pacific weekly-National herald</subfield></datafield><datafield ind1=" " ind2=" " tag="260"><subfield code="a">[Honolulu, T.H.] :</subfield><subfield code="b">[publisher not identified],</subfield><subfield code="c">[1913]-1962.</subfield></datafield><datafield ind1=" " ind2=" " tag="300"><subfield code="a">50 volumes :</subfield><subfield code="b">illustrations ;</subfield><subfield code="c">52-60 cm</subfield></datafield><datafield ind1=" " ind2=" " tag="310"><subfield code="a">Weekly</subfield></datafield><datafield ind1=" " ind2=" " tag="336"><subfield code="a">text</subfield><subfield code="b">txt</subfield><subfield code="2">rdacontent</subfield></datafield><datafield ind1=" " ind2=" " tag="337"><subfield code="a">unmediated</subfield><subfield code="b">n</subfield><subfield code="2">rdamedia</subfield></datafield><datafield ind1=" " ind2=" " tag="338"><subfield code="a">volume</subfield><subfield code="b">nc</subfield><subfield code="2">rdacarrier</subfield></datafield><datafield ind1="0" ind2=" " tag="362"><subfield code="a">[No. 1] (Taehan ko&#774;n'guk kiwo&#774;n 4246-yo&#774;n 8-wo&#774;l 13-il [i.e. Aug. 13, 1913]) = No. 251-3583-ho (Jan. 3, 1962).</subfield></datafield><datafield ind1=" " ind2=" " tag="500"><subfield code="a">Editor: 1913- Y.M. Park.</subfield></datafield><datafield ind1=" " ind2=" " tag="515"><subfield code="a">Beginning with no. 2 (Aug. 16, 1913) issues carry both own numbering and numbering in continuation of the preceding title: Sin Han'gukpo.</subfield></datafield><datafield ind1=" " ind2=" " tag="515"><subfield code="a">Publication suspended with Dec. 10, 1941 issue; resumed with Jan. 21, 1942 issue.</subfield></datafield><datafield ind1=" " ind2=" " tag="546"><subfield code="a">In Korean; with separately numbered section in English, Jan. 21, 1942-Feb. 2, 1944.</subfield></datafield><datafield ind1=" " ind2=" " tag="550"><subfield code="a">Issued by Kungminhoe, known also as Korean National Association.</subfield></datafield><datafield ind1=" " ind2=" " tag="580"><subfield code="a">Issued Jan. 21, 1942-Feb. 2, 1944 as part of a newspaper jointly published with: T'aep'yo&#774;ngyang chubo, under the masthead: Korean national herald-Pacific weekly = Kungminbo-T'aep'yo&#774;ngyang chubo (called variously Korean Pacific weekly-National herald), the two newspapers on separate pages; with a separately numbered English-language section added.</subfield></datafield><datafield ind1=" " ind2="0" tag="650"><subfield code="a">Koreans</subfield><subfield code="z">Hawaii</subfield><subfield code="v">Newspapers.</subfield></datafield><datafield ind1=" " ind2="0" tag="650"><subfield code="a">Korean Americans</subfield><subfield code="z">Hawaii</subfield><subfield code="v">Newspapers.</subfield></datafield><datafield ind1=" " ind2="7" tag="650"><subfield code="a">Korean Americans.</subfield><subfield code="2">fast</subfield><subfield code="0">(OCoLC)fst00988587</subfield></datafield><datafield ind1=" " ind2="7" tag="650"><subfield code="a">Koreans.</subfield><subfield code="2">fast</subfield><subfield code="0">(OCoLC)fst00988927</subfield></datafield><datafield ind1=" " ind2="7" tag="651"><subfield code="a">Hawaii.</subfield><subfield code="2">fast</subfield><subfield code="0">(OCoLC)fst01208724</subfield></datafield><datafield ind1=" " ind2="7" tag="655"><subfield code="a">Newspapers.</subfield><subfield code="2">fast</subfield><subfield code="0">(OCoLC)fst01423814</subfield></datafield><datafield ind1="1" ind2=" " tag="700"><subfield code="a">Park, Young M.</subfield></datafield><datafield ind1="2" ind2=" " tag="710"><subfield code="a">Kungminhoe (Hawaii)</subfield></datafield><datafield ind1=" " ind2=" " tag="752"><subfield code="a">United States</subfield><subfield code="b">Hawaii</subfield><subfield code="c">Honolulu</subfield><subfield code="d">Honolulu.</subfield></datafield><datafield ind1="0" ind2="0" tag="780"><subfield code="t">Sin Han'gukpo</subfield><subfield code="w">(DLC)sn 89099300</subfield><subfield code="w">(OCoLC)19691199</subfield></datafield><datafield ind1="0" ind2="0" tag="785"><subfield code="t">Kook min bo</subfield><subfield code="w">(DLC)sn 85047233</subfield><subfield code="w">(OCoLC)12611446</subfield></datafield><datafield ind1="1" ind2=" " tag="787"><subfield code="t">T'aep'yo&#774;ngyang chubo</subfield><subfield code="w">(DLC)sn 85047231</subfield><subfield code="w">(OCoLC)6320291</subfield></datafield><datafield ind1="1" ind2=" " tag="029"><subfield code="a">AU@</subfield><subfield code="b">000015723750</subfield></datafield><datafield ind1="1" ind2=" " tag="029"><subfield code="a">AU@</subfield><subfield code="b">000022168315</subfield></datafield></record>